@misc{Teaching,
     title={H{MMA} 308 - Apprentissage statistique},
     author={Joseph Salmon},
     year={2019},
}

@misc{iono,
    howpublished={https://archive.ics.uci.edu/ml/datasets/ionosphere},
    author={Vince Sigillito},
    title={Ionosphere Data Set},    
}

@misc{house,
    howpublished={https://archive.ics.uci.edu/ml/machine-learning-databases/housing/},
    author={Johns Hopkins University},
    title={Index of /ml/machine-learning-databases/housing},    
}

@misc{Article,
     howpublished={http://tongzhang-ml.org/papers/it11-foba.pdf},
    author={Tong Zhang},
    title={Adaptive Forward-Backward Greedy Algorithm for Learning Sparse Representations}, 
}

@misc{code,
    author={Oph√©lie Coiffier},
    title={Github  LASSOvsFoBa},
    howpublished={https://github.com/opheliecoiffier/LASSOvsFoBa},
    year={2020},
}